@book{spiralModelSoftDev,
    author    = "Boehm, B.W.",
    title     = "A Spiral Model of Software Development and Enhancement",
    year      = "1988",
    publisher = "IEEE Computer"
}